@inproceedings{Deinzer00:VSC,
 author = {Deinzer, F. and Denzler, J. and Niemann, H.},
 title = {Viewpoint Selection - A Classifier Independent Learning Approach},
 year  = {2000},
 booktitle = {IEEE Southwest Symposium on Image Analysis and Interpretation, Austin, Texas, USA},
 publsiher = {IEEE Computer Society Press},
 address = {Los Alamitos, California},
 ISBN = {0-7695-0595-3},
 pages = {209--213}
}

@mastersthesis{Graessl:02:EDD,
author = {Christoph Gr{\"a}{\ss}l},
INSTITUTION =  {Lehrstuhl f{\"u}r Mustererkennung},
type = {Diplomarbeit},
title = {Erweiterung des diskret-statistischen Eigenraums auf kontinuierliche Objektmodelle},
school = {Lehrstuhl f\"{u}r Mustererkennung (Informatik 5), Institut f\"ur Informatik, Universit\"at Erlangen-N\"urnberg},
year = {2002},
noreview = {no}
}

@book{Bronstein97,
  author={Bronstein, I.},
  title={Taschenbuch der Mathematik},
  year={1997},
  publisher= {Harri Deutsch},
  address={Frankfurt am Main},
}

@Article{catmull74b,
  author =       "E. Catmull and R. Rom",
  title =        "A Class of Local Interpolating Splines",
  journal =      "Computer Aided Geometric Design",
  pages =        "317--326",
  year =         "1974",
  editor =       "R. E. Barnhill and R. F. Riesenfeld",
  publisher =    "Academic Press",
}

@misc{POVRAY:WEB,
  key = {Povray},
  title = {The {P}ersistence of {V}ision {R}aytracer ({POV}-{R}ay)},
  url = {http://www.povray.org/},
  note = {http://www.povray.org, zuletzt besucht am 01. Februar 2005}
}

